@techreport{rfc7530,
  author      = {Haynes, Thomas and Noveck, David},
  title       = {Network File System (NFS) Version 4 Protocol},
  institution = {Internet Engineering Task Force},
  number      = {RFC 7530},
  year        = {2015},
  type        = {Request for Comments},
  month       = {3},
  url         = {https://www.rfc-editor.org/rfc/rfc7530},
  note        = {Standards Track}
}

@techreport{rfc1813,
  author      = {Brent Callaghan},
  title       = {NFS Version 3 Protocol Specification},
  institution = {Internet Engineering Task Force},
  number      = {RFC 1813},
  year        = {1995},
  month       = {6},
  type        = {Request for Comments},
  url         = {https://www.rfc-editor.org/rfc/rfc1813},
  note        = {Informational}
}

@techreport{rfc1094,
  author      = {Russel Sandberg and David Goldberg and Steve Kleiman and Dan Walsh and Bob Lyon},
  title       = {NFS: Network File System Protocol Specification},
  institution = {Internet Engineering Task Force},
  number      = {RFC 1094},
  year        = {1989},
  month       = {3},
  type        = {Request for Comments},
  url         = {https://www.rfc-editor.org/rfc/rfc1094},
  note        = {Informational}
}